@book{Taflove,
   title =     {Computational Electrodynamics: The Finite-Difference Time-Domain Method, Third Edition},
   author =    {Allen Taflove, Susan C. Hagness},
   publisher = {ARTECH HOUSE, INC.},
   isbn =      {1580538320,9781580538329},
   year =      {2005},
   series =    {},
   edition =   {3},
   volume =    {},
}
