@ONLINE{enwiki:gpgpu,
    author    = {Wikipedia},
    title     = {General-purpose computing on graphics processing units},
    url      = {https://en.wikipedia.org/wiki/General-purpose_computing_on_graphics_processing_units},
    urldate  = {31.05.2017},
}

@ONLINE{enwiki:gpu,
    author    = {Wikipedia},
    title     = {Graphics processing unit},
    url      = {http://en.wikipedia.org/wiki/Graphics\_processing\_unit},
    urldate  = {31.05.2017},
}

@ONLINE{enwiki:CUDA,
    author    = {Wikipedia},
    title     = {CUDA},
    url      = {https://en.wikipedia.org/wiki/CUDA},
    urldate  = {31.05.2017},
}

@ONLINE{ruwiki:CUDA,
    author    = {Википедия},
    title     = {CUDA},
    url      = {https://ru.wikipedia.org/wiki/CUDA},
    urldate  = {31.05.2017},
}

@ONLINE{enwiki:OpenCL,
    author    = {Wikipedia},
    title     = {OpenCL},
    url      = {https://en.wikipedia.org/wiki/OpenCL},
    urldate  = {31.05.2017},
}

@ONLINE{ruwiki:OpenCL,
    author    = {Википедия},
    title     = {OpenCL},
    url      = {https://ru.wikipedia.org/wiki/OpenCL},
    urldate  = {31.05.2017},
}

@MISC{CUDAToolkitDocumentation,
	author	= {NVIDIA},
	title	= {Programming Guide :: CUDA Toolkit Documentation},
	url	= {http://docs.nvidia.com/cuda/cuda-c-programming-guide/index.html},
	media 	= {eresource},
}

@INPROCEEDINGS{LU-GPU,
	author		= {Nico Galoppo and Naga K. Govindaraju and Michael Henson and Dinesh Manocha},
	title		= {LU-GPU: efficient algorithms for solving dense linear systems on graphics hardware},
	booktitle	= {SC '05 Proceedings of the 2005 ACM/IEEE conference on Supercomputing},
	year		= {2005},
	language	= {english},
}

@ARTICLE{Berillo,
	author	= {Берилло А.},
	title	= {Nvidia CUDA --- неграфические вычисления на графических процессорах},
	language= {russian},
	note	= {Режим доступа: http://www.ixbt.com/video3/cuda-1.shtml},
	media	= {online},
	media2	= {eresource},
}

@ONLINE{habr:OpenCL,
	title	= {OpenCL. Что это такое и зачем он нужен? (если есть CUDA)},
	author	= {Хабрахабр},
    url      = {https://habrahabr.ru/post/72247/},
    urldate  = {31.05.2017},
}

@BOOK{ucdavis,
	author	= {Mark Silberstein and Assaf Schuster and Dan Geiger and Anjul Patney and John D. Owens},
	title	= {Efficient Computation of Sum-products on GPUs Through Software-Managed Cache},
	year	= {2008},
	pagetotal = {10},
	language = {english},
	url	= {www.idav.ucdavis.edu/func/return_pdf?pub_id=940},
	media	= {eresource},
}

@ONLINE{ruwiki:Hertz,
    author    = {Википедия},
    title     = {Вибратор Герца},
    url      = {https://ru.wikipedia.org/wiki/Вибратор_Герца},
    urldate  = {31.05.2017},
}
